@inproceedings{sohappy,
  author = {Moore, George and Galway, Leo and Donnelly, Mark},
  title = {Remember to Smile: Design of a Mobile Affective Technology to Help Promote Individual Happiness through Smiling},
  year = {2017},
  isbn = {9781450363631},
  publisher = {Association for Computing Machinery},
  address = {New York, NY, USA},
  url = {https://doi.org/10.1145/3154862.3154936},
  doi = {10.1145/3154862.3154936},
  booktitle = {Proceedings of the 11th EAI International Conference on Pervasive Computing Technologies for Healthcare},
  pages = {348â€“354},
  numpages = {7},
  location = {Barcelona, Spain},
  series = {PervasiveHealth '17}
}

@inproceedings{ieee_affective,
  author={C. {Zucco} and B. {Calabrese} and M. {Cannataro}},
  booktitle={2017 IEEE International Conference on Bioinformatics and Biomedicine (BIBM)}, 
  title={Sentiment analysis and affective computing for depression monitoring}, 
  year={2017},
  pages={1988-1995}
}

@inproceedings{who_depression,
  author = {{WHO}},
  title = {{Depression and other common mental disorders - Global health estimates}},
  year = {2017},
  note = {{Geneva: World Health Organization. Licence: CC BY-NC-SA 3.0 IGO.}}
}

@online{intro_to_activities,
  author = {Google},
  title = {{Introduction to Activities | Android Developers}},
  url = {https://developer.android.com/guide/components/activities/intro-activities},
  note = {Retrieved September 15, 2020}
}

@online{intro_to_fragments,
  author = {Google},
  title = {{Fragments | Android Developers}},
  url = {https://developer.android.com/guide/components/fragments},
  note = {Retrieved September 15, 2020}
}

@online{material_design,
  author = {Google},
  title = {{Design - Material Design}},
  url = {https://material.io/design},
  note = {Retrieved September 15, 2020}
}

@INPROCEEDINGS{8308186,
  author={S. {Albawi} and T. A. {Mohammed} and S. {Al-Zawi}},
  booktitle={2017 International Conference on Engineering and Technology (ICET)}, 
  title={Understanding of a convolutional neural network}, 
  year={2017},
  volume={},
  number={},
  pages={1-6},
}

@misc{MayurMadnani2018,
  author = {Mayur {Madnani}},
  title = {FER - Facial Expression Recognition},
  year = {2018},
  publisher = {GitHub},
  journal = {GitHub repository},
  howpublished = {\url{https://github.com/mayurmadnani/fer}},
}

@article{Arigbabu2015,
  doi = {10.1007/s12652-015-0333-4},
  url = {https://doi.org/10.1007/s12652-015-0333-4},
  year = {2015},
  month = dec,
  publisher = {Springer Science and Business Media {LLC}},
  pages = {415--426},
  author = {Olasimbo Ayodeji Arigbabu and Saif Mahmood and Sharifah Mumtazah Syed Ahmad and Abayomi A. Arigbabu},
  title = {Smile detection using hybrid face representation},
  journal = {Journal of Ambient Intelligence and Humanized Computing}
}